%% SGX

% SGX v1
@article{mckeen2013innovative,
  title={Innovative instructions and software model for isolated execution.},
  author={McKeen, Frank and Alexandrovich, Ilya and Berenzon, Alex and Rozas, Carlos V and Shafi, Hisham and Shanbhogue, Vedvyas and Savagaonkar, Uday R},
  journal={Hasp@ isca},
  volume={10},
  number={1},
  year={2013}
}

% Intel SGX explained
@article{costan2016intel,
  title={Intel SGX explained},
  author={Costan, Victor and Devadas, Srinivas},
  journal={Cryptology ePrint Archive},
  year={2016}
}

% Intel MEE
@article{gueron2016memory,
  title={A memory encryption engine suitable for general purpose processors},
  author={Gueron, Shay},
  journal={Cryptology ePrint Archive},
  year={2016}
}

% A survey of published attacks on SGX
@article{nilsson2020survey,
  title={A survey of published attacks on Intel SGX},
  author={Nilsson, Alexander and Bideh, Pegah Nikbakht and Brorsson, Joakim},
  journal={arXiv preprint arXiv:2006.13598},
  year={2020}
}

% sgx-vs-tdx
@misc{sgx-vs-tdx,
  title={Are TDX going to replace SGX?},
  howpublished={\url{https://github.com/Maxul/Awesome-SGX-Open-Source/blob/master/SGX-vs-TDX.md}},
  note={Accessed: 2022-04-24}
}

% bonsai merkel trees
@inproceedings{rogers2007using,
  title={Using address independent seed encryption and bonsai merkle trees to make secure processors os-and performance-friendly},
  author={Rogers, Brian and Chhabra, Siddhartha and Prvulovic, Milos and Solihin, Yan},
  booktitle={40th Annual IEEE/ACM International Symposium on Microarchitecture (MICRO 2007)},
  pages={183--196},
  year={2007},
  organization={IEEE}
}

% Intel SGX SDK
@misc{sgx-sdk,
  howpublished={\url{https://github.com/intel/linux-sgx}},
  note={Accessed: 2022-04-24}
}

% ali container
@misc{ali-container,
  title={TEE-based confidential computing},
  howpublished={\url{https://www.alibabacloud.com/help/en/container-service-for-kubernetes/latest/tee-based-confidential-computing-tee-based-confidential-computing}},
  note={Accessed: 2022-04-24}
}

%% ARM TrustZone
@misc{trustzone-intro,
  title={What is TrustZone?},
  howpublished={\url{https://developer.arm.com/documentation/102418/0101/What-is-TrustZone-?lang=en}},
  note={Accessed: 2022-04-24}
}

@misc{trustzone-system-arch,
  title={TrustZone System Architecture},
  howpublished={\url{https://developer.arm.com/documentation/102418/0101/System-architecture?lang=en}},
  note={Accessed: 2022-04-24}
}

% trustzone-SC
@inproceedings{bukasa2017trustzone,
  title={How TrustZone could be bypassed: Side-channel attacks on a modern system-on-chip},
  author={Bukasa, Sebanjila Kevin and Lashermes, Ronan and Bouder, H{\'e}l{\`e}ne Le and Lanet, Jean-Louis and Legay, Axel},
  booktitle={IFIP International Conference on Information Security Theory and Practice},
  pages={93--109},
  year={2017},
  organization={Springer}
}


@misc{gp-api,
  title={Global Platform Specification Library},
  howpublished={\url{https://globalplatform.org/specs-library/}},
  note={Accessed: 2022-04-24}
}

%% RISC-V

% Privileged Spec
@misc{riscv-privileged-spec,
  title = {The RISC-V Instruction Set Manual
Volume II: Privileged Architecture
Document Version 20211203},
  author = {Andrew Waterman and Krste Asanovic and John Hauser},
  howpublished = {\url{https://github.com/riscv/riscv-isa-manual/releases/download/Priv-v1.12/riscv-privileged-20211203.pdf}},
  note = {Accessed: 2022-04-24}
}

% Penglai enclave
@inproceedings{feng2021scalable,
  title={Scalable Memory Protection in the $\{$PENGLAI$\}$ Enclave},
  author={Feng, Erhu and Lu, Xu and Du, Dong and Yang, Bicheng and Jiang, Xueqiang and Xia, Yubin and Zang, Binyu and Chen, Haibo},
  booktitle={15th $\{$USENIX$\}$ Symposium on Operating Systems Design and Implementation ($\{$OSDI$\}$ 21)},
  pages={275--294},
  year={2021}
}

% Sanctum enclave
@inproceedings{costan2016sanctum,
  title={Sanctum: Minimal hardware extensions for strong software isolation},
  author={Costan, Victor and Lebedev, Ilia and Devadas, Srinivas},
  booktitle={25th USENIX Security Symposium (USENIX Security 16)},
  pages={857--874},
  year={2016}
}
% keystone
@inproceedings{lee2020keystone,
  title={Keystone: An open framework for architecting trusted execution environments},
  author={Lee, Dayeol and Kohlbrenner, David and Shinde, Shweta and Asanovi{\'c}, Krste and Song, Dawn},
  booktitle={Proceedings of the Fifteenth European Conference on Computer Systems},
  pages={1--16},
  year={2020}
}

% Rocket Core
@misc{rocket-core,
  howpublished={\url{https://github.com/chipsalliance/rocket-chip}},
  note={Accessed: 2022-04-24}
}


% XiangShan
@misc{xiangshan,
  howpublished={\url{https://github.com/OpenXiangShan/XiangShan}},
  note={Accessed: 2022-04-24}
}

%% MISC
@misc{kpti,
  title={Page Table Isolation},
  howpublished={\url{https://www.kernel.org/doc/html/latest/x86/pti.html}},
  note={Accessed: 2022-05-01}
}

@article{lipp2018meltdown,
  title={Meltdown},
  author={Lipp, Moritz and Schwarz, Michael and Gruss, Daniel and Prescher, Thomas and Haas, Werner and Mangard, Stefan and Kocher, Paul and Genkin, Daniel and Yarom, Yuval and Hamburg, Mike},
  journal={arXiv preprint arXiv:1801.01207},
  year={2018}
}

% Iago attack
@article{checkoway2013iago,
  title={Iago attacks: Why the system call API is a bad untrusted RPC interface},
  author={Checkoway, Stephen and Shacham, Hovav},
  journal={ACM SIGARCH Computer Architecture News},
  volume={41},
  number={1},
  pages={253--264},
  year={2013},
  publisher={ACM New York, NY, USA}
}

% flexsc
@inproceedings{soares2010flexsc,
  title={$\{$FlexSC$\}$: Flexible System Call Scheduling with $\{$Exception-Less$\}$ System Calls},
  author={Soares, Livio and Stumm, Michael},
  booktitle={9th USENIX Symposium on Operating Systems Design and Implementation (OSDI 10)},
  year={2010}
}

% survey 1
@article{maene2017hardware,
  title={Hardware-based trusted computing architectures for isolation and attestation},
  author={Maene, Pieter and G{\"o}tzfried, Johannes and De Clercq, Ruan and M{\"u}ller, Tilo and Freiling, Felix and Verbauwhede, Ingrid},
  journal={IEEE Transactions on Computers},
  volume={67},
  number={3},
  pages={361--374},
  year={2017},
  publisher={IEEE}
}

% survey 2
@article{pinto2019demystifying,
  title={Demystifying arm trustzone: A comprehensive survey},
  author={Pinto, Sandro and Santos, Nuno},
  journal={ACM Computing Surveys (CSUR)},
  volume={51},
  number={6},
  pages={1--36},
  year={2019},
  publisher={ACM New York, NY, USA}
}